
  <record>
    <header>
      <identifier>oai:katalog.cbvk.cz:CbvkUsCat/0181434</identifier>
      <datestamp>2018-08-06T14:20:40Z</datestamp>
      <setSpec>RDIG1</setSpec>
    </header>
    <metadata>
<marc:record
  xmlns:marc="http://www.loc.gov/MARC21/slim"
  xmlns:xsi="http://www.w3.org/2001/XMLSchema-instance"
  xsi:schemaLocation="http://www.loc.gov/MARC21/slim
  http://www.loc.gov/standards/marcxml/schema/MARC21slim.xsd">
  <marc:leader>01297cam a2200277 a 4500</marc:leader>
  <marc:controlfield tag="001">0181434</marc:controlfield>
  <marc:controlfield tag="003">CZ-CbJVK</marc:controlfield>
  <marc:controlfield tag="005">20180806142040.2</marc:controlfield>
  <marc:controlfield tag="007">ta</marc:controlfield>
  <marc:controlfield tag="008">091103s2009----xr-ach-e------000-0-cze--</marc:controlfield>
  <marc:datafield tag="015" ind1=" " ind2=" ">
    <marc:subfield code="a">cnb001996692</marc:subfield>
  </marc:datafield>
  <marc:datafield tag="020" ind1=" " ind2=" ">
    <marc:subfield code="a">978-80-904446-0-7 (brož.) :</marc:subfield>
    <marc:subfield code="c">Kč 280,00</marc:subfield>
  </marc:datafield>
  <marc:datafield tag="035" ind1=" " ind2=" ">
    <marc:subfield code="a">(OCoLC)480958956</marc:subfield>
  </marc:datafield>
  <marc:datafield tag="040" ind1=" " ind2=" ">
    <marc:subfield code="a">ABA001</marc:subfield>
    <marc:subfield code="b">cze</marc:subfield>
    <marc:subfield code="d">BOA001</marc:subfield>
    <marc:subfield code="d">CBA001</marc:subfield>
  </marc:datafield>
  <marc:datafield tag="041" ind1="0" ind2=" ">
    <marc:subfield code="a">cze</marc:subfield>
    <marc:subfield code="b">eng</marc:subfield>
  </marc:datafield>
  <marc:datafield tag="072" ind1=" " ind2="7">
    <marc:subfield code="a">316.7</marc:subfield>
    <marc:subfield code="x">Sociologie kultury. Kulturní život</marc:subfield>
    <marc:subfield code="9">1</marc:subfield>
    <marc:subfield code="2">Konspekt</marc:subfield>
  </marc:datafield>
  <marc:datafield tag="080" ind1=" " ind2=" ">
    <marc:subfield code="a">(437)</marc:subfield>
    <marc:subfield code="2">MRF</marc:subfield>
  </marc:datafield>
  <marc:datafield tag="080" ind1=" " ind2=" ">
    <marc:subfield code="a">316.7:32</marc:subfield>
    <marc:subfield code="2">MRF</marc:subfield>
  </marc:datafield>
  <marc:datafield tag="080" ind1=" " ind2=" ">
    <marc:subfield code="a">001:32</marc:subfield>
    <marc:subfield code="2">MRF</marc:subfield>
  </marc:datafield>
  <marc:datafield tag="080" ind1=" " ind2=" ">
    <marc:subfield code="a">341.76</marc:subfield>
    <marc:subfield code="2">MRF</marc:subfield>
  </marc:datafield>
  <marc:datafield tag="080" ind1=" " ind2=" ">
    <marc:subfield code="a">316.72/.75</marc:subfield>
    <marc:subfield code="2">MRF</marc:subfield>
  </marc:datafield>
  <marc:datafield tag="080" ind1=" " ind2=" ">
    <marc:subfield code="a">(082)</marc:subfield>
    <marc:subfield code="2">MRF</marc:subfield>
  </marc:datafield>
  <marc:datafield tag="100" ind1="1" ind2=" ">
    <marc:subfield code="a">Blümlová, Dagmar,</marc:subfield>
    <marc:subfield code="d">1949-</marc:subfield>
    <marc:subfield code="7">jn20000400203</marc:subfield>
    <marc:subfield code="4">aut</marc:subfield>
  </marc:datafield>
  <marc:datafield tag="245" ind1="1" ind2="0">
    <marc:subfield code="a">Čas optimismu a ctižádostivých nadějí :</marc:subfield>
    <marc:subfield code="b">prezentace a reprezentace české vědy a kultury v prvním desetiletí samostatného státu (1918-1929) /</marc:subfield>
    <marc:subfield code="c">Dagmar Blümlová a kol.</marc:subfield>
  </marc:datafield>
  <marc:datafield tag="246" ind1="3" ind2="0">
    <marc:subfield code="a">Prezentace a reprezentace české vědy a kultury v prvním desetiletí samostatného státu (1918-1929) /</marc:subfield>
  </marc:datafield>
  <marc:datafield tag="260" ind1=" " ind2=" ">
    <marc:subfield code="a">České Budějovice :</marc:subfield>
    <marc:subfield code="b">Jihočeské muzeum v Českých Budějovicích ;</marc:subfield>
    <marc:subfield code="b">Společnost pro kulturní dějiny,</marc:subfield>
    <marc:subfield code="c">2009</marc:subfield>
  </marc:datafield>
  <marc:datafield tag="300" ind1=" " ind2=" ">
    <marc:subfield code="a">419 s. :</marc:subfield>
    <marc:subfield code="b">il., portréty, faksim. ;</marc:subfield>
    <marc:subfield code="c">21 cm</marc:subfield>
  </marc:datafield>
  <marc:datafield tag="504" ind1=" " ind2=" ">
    <marc:subfield code="a">Obsahuje bibliografii a bibliografické odkazy</marc:subfield>
  </marc:datafield>
  <marc:datafield tag="505" ind1="0" ind2=" ">
    <marc:subfield code="a">Ve službách vědy a státu -- Před očima ciziny -- Kultura: konfrontace a tolerance -- Ke zdrojům samostatnosti</marc:subfield>
  </marc:datafield>
  <marc:datafield tag="546" ind1=" " ind2=" ">
    <marc:subfield code="a">Anglické resumé</marc:subfield>
  </marc:datafield>
  <marc:datafield tag="580" ind1=" " ind2=" ">
    <marc:subfield code="a">Monografické číslo seriálu: Jihočeský sborník historický - Supplementum 1 (2009)</marc:subfield>
  </marc:datafield>
  <marc:datafield tag="648" ind1=" " ind2="4">
    <marc:subfield code="a">1918-1929</marc:subfield>
  </marc:datafield>
  <marc:datafield tag="650" ind1="0" ind2="7">
    <marc:subfield code="a">věda a politika</marc:subfield>
    <marc:subfield code="z">Československo</marc:subfield>
    <marc:subfield code="y">1918-1938</marc:subfield>
    <marc:subfield code="7">ph124260</marc:subfield>
    <marc:subfield code="2">czenas</marc:subfield>
  </marc:datafield>
  <marc:datafield tag="650" ind1="0" ind2="7">
    <marc:subfield code="a">kultura a politika</marc:subfield>
    <marc:subfield code="z">Československo</marc:subfield>
    <marc:subfield code="y">1918-1938</marc:subfield>
    <marc:subfield code="7">ph234811</marc:subfield>
    <marc:subfield code="2">czenas</marc:subfield>
  </marc:datafield>
  <marc:datafield tag="651" ind1=" " ind2="7">
    <marc:subfield code="a">Československo</marc:subfield>
    <marc:subfield code="x">kulturní vztahy</marc:subfield>
    <marc:subfield code="y">1918-1938</marc:subfield>
    <marc:subfield code="7">ge131689</marc:subfield>
    <marc:subfield code="2">czenas</marc:subfield>
  </marc:datafield>
  <marc:datafield tag="651" ind1=" " ind2="7">
    <marc:subfield code="a">Československo</marc:subfield>
    <marc:subfield code="x">diplomatické vztahy</marc:subfield>
    <marc:subfield code="y">1918-1938</marc:subfield>
    <marc:subfield code="7">ge131689</marc:subfield>
    <marc:subfield code="2">czenas</marc:subfield>
  </marc:datafield>
  <marc:datafield tag="655" ind1=" " ind2="7">
    <marc:subfield code="a">sborníky</marc:subfield>
    <marc:subfield code="7">fd163935</marc:subfield>
    <marc:subfield code="2">czenas</marc:subfield>
  </marc:datafield>
  <marc:datafield tag="772" ind1="0" ind2=" ">
    <marc:subfield code="t">Jihočeský sborník historický</marc:subfield>
    <marc:subfield code="h">   sv.</marc:subfield>
    <marc:subfield code="x">0323-004X</marc:subfield>
    <marc:subfield code="d">V Českých Budějovicích : Jihočeské muzeum, 2009-</marc:subfield>
    <marc:subfield code="g">Supplementum ...</marc:subfield>
  </marc:datafield>
  <marc:datafield tag="856" ind1="4" ind2="1">
    <marc:subfield code="3">Digitalizovaný dokument</marc:subfield>
    <marc:subfield code="u">http://kramerius.cbvk.cz/search/handle/uuid:cbdbfcad-bb31-4187-ab7a-21d342e6f521</marc:subfield>
    <marc:subfield code="y">Digitalizovaný dokument</marc:subfield>
  </marc:datafield>
  <marc:datafield tag="910" ind1=" " ind2=" ">
    <marc:subfield code="a">CBA001</marc:subfield>
  </marc:datafield>
  <marc:datafield tag="911" ind1=" " ind2=" ">
    <marc:subfield code="a">CBA001</marc:subfield>
    <marc:subfield code="d">zdigitalizováno</marc:subfield>
    <marc:subfield code="u">http://kramerius.cbvk.cz/search/handle/uuid:cbdbfcad-bb31-4187-ab7a-21d342e6f521</marc:subfield>
  </marc:datafield>
</marc:record>
    </metadata>
  </record>