
  <record>
    <header>
      <identifier>oai:katalog.cbvk.cz:CbvkUsCat/0203071</identifier>
      <datestamp>2018-08-06T14:20:42Z</datestamp>
      <setSpec>RDIG1</setSpec>
    </header>
    <metadata>
<marc:record
  xmlns:marc="http://www.loc.gov/MARC21/slim"
  xmlns:xsi="http://www.w3.org/2001/XMLSchema-instance"
  xsi:schemaLocation="http://www.loc.gov/MARC21/slim
  http://www.loc.gov/standards/marcxml/schema/MARC21slim.xsd">
  <marc:leader>01374cam a22003857a 4500</marc:leader>
  <marc:controlfield tag="001">0203071</marc:controlfield>
  <marc:controlfield tag="003">CZ-CbJVK</marc:controlfield>
  <marc:controlfield tag="005">20180806142042.0</marc:controlfield>
  <marc:controlfield tag="007">ta</marc:controlfield>
  <marc:controlfield tag="008">100114s2009----xr-ah--e------100-0-cze--</marc:controlfield>
  <marc:datafield tag="015" ind1=" " ind2=" ">
    <marc:subfield code="a">cnb002009116</marc:subfield>
  </marc:datafield>
  <marc:datafield tag="020" ind1=" " ind2=" ">
    <marc:subfield code="a">978-80-7394-183-3 (váz.)</marc:subfield>
  </marc:datafield>
  <marc:datafield tag="035" ind1=" " ind2=" ">
    <marc:subfield code="a">(OCoLC)614272724</marc:subfield>
  </marc:datafield>
  <marc:datafield tag="040" ind1=" " ind2=" ">
    <marc:subfield code="a">ABB036</marc:subfield>
    <marc:subfield code="b">cze</marc:subfield>
    <marc:subfield code="d">CBA001</marc:subfield>
  </marc:datafield>
  <marc:datafield tag="041" ind1="0" ind2=" ">
    <marc:subfield code="a">cze</marc:subfield>
    <marc:subfield code="a">ger</marc:subfield>
    <marc:subfield code="a">lat</marc:subfield>
    <marc:subfield code="b">eng</marc:subfield>
    <marc:subfield code="b">fre</marc:subfield>
    <marc:subfield code="b">ger</marc:subfield>
    <marc:subfield code="b">spa</marc:subfield>
  </marc:datafield>
  <marc:datafield tag="043" ind1=" " ind2=" ">
    <marc:subfield code="a">e-xr---</marc:subfield>
  </marc:datafield>
  <marc:datafield tag="072" ind1=" " ind2="7">
    <marc:subfield code="a">929.5/.9</marc:subfield>
    <marc:subfield code="x">Genealogie. Heraldika. Šlechta. Vlajky</marc:subfield>
    <marc:subfield code="9">8</marc:subfield>
    <marc:subfield code="2">Konspekt</marc:subfield>
  </marc:datafield>
  <marc:datafield tag="080" ind1=" " ind2=" ">
    <marc:subfield code="a">316.728</marc:subfield>
    <marc:subfield code="2">MRF</marc:subfield>
  </marc:datafield>
  <marc:datafield tag="080" ind1=" " ind2=" ">
    <marc:subfield code="a">(437.3)</marc:subfield>
    <marc:subfield code="2">MRF</marc:subfield>
  </marc:datafield>
  <marc:datafield tag="080" ind1=" " ind2=" ">
    <marc:subfield code="a">929.7</marc:subfield>
    <marc:subfield code="2">MRF</marc:subfield>
  </marc:datafield>
  <marc:datafield tag="080" ind1=" " ind2=" ">
    <marc:subfield code="a">(062.534)</marc:subfield>
    <marc:subfield code="2">MRF</marc:subfield>
  </marc:datafield>
  <marc:datafield tag="245" ind1="0" ind2="0">
    <marc:subfield code="a">Šlechta raného novověku pohledem českých, francouzských a španělských historiků /</marc:subfield>
    <marc:subfield code="c">Václav Bůžek (ed.)</marc:subfield>
  </marc:datafield>
  <marc:datafield tag="250" ind1=" " ind2=" ">
    <marc:subfield code="a">Vyd. 1.</marc:subfield>
  </marc:datafield>
  <marc:datafield tag="260" ind1=" " ind2=" ">
    <marc:subfield code="a">České Budějovice :</marc:subfield>
    <marc:subfield code="b">Jihočeská univerzita,</marc:subfield>
    <marc:subfield code="c">2009</marc:subfield>
  </marc:datafield>
  <marc:datafield tag="300" ind1=" " ind2=" ">
    <marc:subfield code="a">506 s. :</marc:subfield>
    <marc:subfield code="b">il., faksim. ;</marc:subfield>
    <marc:subfield code="c">22 cm</marc:subfield>
  </marc:datafield>
  <marc:datafield tag="490" ind1="1" ind2=" ">
    <marc:subfield code="a">Opera historica ;</marc:subfield>
    <marc:subfield code="v">13</marc:subfield>
  </marc:datafield>
  <marc:datafield tag="500" ind1=" " ind2=" ">
    <marc:subfield code="a">Seznam autorů</marc:subfield>
  </marc:datafield>
  <marc:datafield tag="504" ind1=" " ind2=" ">
    <marc:subfield code="a">Obsahuje bibliografické odkazy</marc:subfield>
  </marc:datafield>
  <marc:datafield tag="546" ind1=" " ind2=" ">
    <marc:subfield code="a">Část. německý a latinský text. Resumé v anglickém , francouzském, německém nebo španělském jazyce</marc:subfield>
  </marc:datafield>
  <marc:datafield tag="650" ind1="0" ind2="7">
    <marc:subfield code="a">šlechta</marc:subfield>
    <marc:subfield code="y">16.-18. století</marc:subfield>
    <marc:subfield code="7">ph116832</marc:subfield>
    <marc:subfield code="2">czenas</marc:subfield>
  </marc:datafield>
  <marc:datafield tag="650" ind1="0" ind2="7">
    <marc:subfield code="a">šlechta</marc:subfield>
    <marc:subfield code="z">Česko</marc:subfield>
    <marc:subfield code="y">16.-18. století</marc:subfield>
    <marc:subfield code="7">ph116832</marc:subfield>
    <marc:subfield code="2">czenas</marc:subfield>
  </marc:datafield>
  <marc:datafield tag="650" ind1="0" ind2="7">
    <marc:subfield code="a">životní styl</marc:subfield>
    <marc:subfield code="y">16.-18. století</marc:subfield>
    <marc:subfield code="7">ph136586</marc:subfield>
    <marc:subfield code="2">czenas</marc:subfield>
  </marc:datafield>
  <marc:datafield tag="655" ind1=" " ind2="7">
    <marc:subfield code="a">sborníky konferencí</marc:subfield>
    <marc:subfield code="7">fd133333</marc:subfield>
    <marc:subfield code="2">czenas</marc:subfield>
  </marc:datafield>
  <marc:datafield tag="700" ind1="1" ind2=" ">
    <marc:subfield code="a">Bůžek, Václav,</marc:subfield>
    <marc:subfield code="d">1959-</marc:subfield>
    <marc:subfield code="7">jn19981000429</marc:subfield>
    <marc:subfield code="4">edt</marc:subfield>
  </marc:datafield>
  <marc:datafield tag="830" ind1=" " ind2="0">
    <marc:subfield code="a">Opera historica ;</marc:subfield>
    <marc:subfield code="v">13</marc:subfield>
  </marc:datafield>
  <marc:datafield tag="856" ind1="4" ind2="1">
    <marc:subfield code="3">Digitalizovaný dokument</marc:subfield>
    <marc:subfield code="u">http://kramerius.cbvk.cz/search/handle/uuid:efaa1dd6-f9f3-4ab3-9116-07faa327de3c</marc:subfield>
    <marc:subfield code="y">Digitalizovaný dokument</marc:subfield>
  </marc:datafield>
  <marc:datafield tag="910" ind1=" " ind2=" ">
    <marc:subfield code="a">CBA001</marc:subfield>
  </marc:datafield>
  <marc:datafield tag="911" ind1=" " ind2=" ">
    <marc:subfield code="a">CBA001</marc:subfield>
    <marc:subfield code="d">zdigitalizováno</marc:subfield>
    <marc:subfield code="u">http://kramerius.cbvk.cz/search/handle/uuid:efaa1dd6-f9f3-4ab3-9116-07faa327de3c</marc:subfield>
  </marc:datafield>
</marc:record>
    </metadata>
  </record>