
  <record>
    <header>
      <identifier>oai:katalog.cbvk.cz:CbvkUsCat/0224810</identifier>
      <datestamp>2018-08-06T14:20:45Z</datestamp>
      <setSpec>RDIG1</setSpec>
    </header>
    <metadata>
<marc:record
  xmlns:marc="http://www.loc.gov/MARC21/slim"
  xmlns:xsi="http://www.w3.org/2001/XMLSchema-instance"
  xsi:schemaLocation="http://www.loc.gov/MARC21/slim
  http://www.loc.gov/standards/marcxml/schema/MARC21slim.xsd">
  <marc:leader>01234cam a2200289 a 4500</marc:leader>
  <marc:controlfield tag="001">0224810</marc:controlfield>
  <marc:controlfield tag="003">CZ-CbJVK</marc:controlfield>
  <marc:controlfield tag="005">20180806142045.6</marc:controlfield>
  <marc:controlfield tag="007">ta</marc:controlfield>
  <marc:controlfield tag="008">100506s2010----xr-acg-e------100-0-ger--</marc:controlfield>
  <marc:datafield tag="015" ind1=" " ind2=" ">
    <marc:subfield code="a">cnb002105236</marc:subfield>
  </marc:datafield>
  <marc:datafield tag="020" ind1=" " ind2=" ">
    <marc:subfield code="a">978-80-7394-211-3 (váz.)</marc:subfield>
  </marc:datafield>
  <marc:datafield tag="035" ind1=" " ind2=" ">
    <marc:subfield code="a">(OCoLC)664091429</marc:subfield>
  </marc:datafield>
  <marc:datafield tag="040" ind1=" " ind2=" ">
    <marc:subfield code="a">OLA001</marc:subfield>
    <marc:subfield code="b">cze</marc:subfield>
    <marc:subfield code="d">CBA001</marc:subfield>
  </marc:datafield>
  <marc:datafield tag="041" ind1="0" ind2=" ">
    <marc:subfield code="a">ger</marc:subfield>
    <marc:subfield code="a">cze</marc:subfield>
  </marc:datafield>
  <marc:datafield tag="043" ind1=" " ind2=" ">
    <marc:subfield code="a">e------</marc:subfield>
  </marc:datafield>
  <marc:datafield tag="072" ind1=" " ind2="7">
    <marc:subfield code="a">94(4)</marc:subfield>
    <marc:subfield code="x">Dějiny Evropy</marc:subfield>
    <marc:subfield code="9">8</marc:subfield>
    <marc:subfield code="2">Konspekt</marc:subfield>
  </marc:datafield>
  <marc:datafield tag="080" ind1=" " ind2=" ">
    <marc:subfield code="a">(062.534)</marc:subfield>
    <marc:subfield code="2">MRF</marc:subfield>
  </marc:datafield>
  <marc:datafield tag="080" ind1=" " ind2=" ">
    <marc:subfield code="a">(4)</marc:subfield>
    <marc:subfield code="2">MRF</marc:subfield>
  </marc:datafield>
  <marc:datafield tag="080" ind1=" " ind2=" ">
    <marc:subfield code="a">929.731</marc:subfield>
    <marc:subfield code="2">MRF</marc:subfield>
  </marc:datafield>
  <marc:datafield tag="111" ind1="2" ind2=" ">
    <marc:subfield code="a">Bruderzwist im Hause Habsburg (1608-1611)</marc:subfield>
    <marc:subfield code="d">(2008 :</marc:subfield>
    <marc:subfield code="c">Český Krumlov, Česko)</marc:subfield>
    <marc:subfield code="7">olak2010450015</marc:subfield>
    <marc:subfield code="4">aut</marc:subfield>
  </marc:datafield>
  <marc:datafield tag="245" ind1="1" ind2="4">
    <marc:subfield code="a">Ein Bruderzwist im Hause Habsburg (1608-1611) :</marc:subfield>
    <marc:subfield code="b">[6. internationalen Symposium, Český Krumlov 13. bis 15. Oktober 2008] /</marc:subfield>
    <marc:subfield code="c">Václav Bůžek (ed.)</marc:subfield>
  </marc:datafield>
  <marc:datafield tag="250" ind1=" " ind2=" ">
    <marc:subfield code="a">Vyd. 1.</marc:subfield>
  </marc:datafield>
  <marc:datafield tag="260" ind1=" " ind2=" ">
    <marc:subfield code="a">České Budějovice :</marc:subfield>
    <marc:subfield code="b">Jihočeská univerzita v Českých Budějovicích,</marc:subfield>
    <marc:subfield code="c">2010</marc:subfield>
  </marc:datafield>
  <marc:datafield tag="300" ind1=" " ind2=" ">
    <marc:subfield code="a">543 s. :</marc:subfield>
    <marc:subfield code="b">il. (některé barev.), portréty, faksim. ;</marc:subfield>
    <marc:subfield code="c">22 cm</marc:subfield>
  </marc:datafield>
  <marc:datafield tag="490" ind1="1" ind2=" ">
    <marc:subfield code="a">Opera historica : editio Universitatis Bohemiae Meridionalis ;</marc:subfield>
    <marc:subfield code="v">14</marc:subfield>
  </marc:datafield>
  <marc:datafield tag="500" ind1=" " ind2=" ">
    <marc:subfield code="a">600 výt.</marc:subfield>
  </marc:datafield>
  <marc:datafield tag="504" ind1=" " ind2=" ">
    <marc:subfield code="a">Obsahuje bibliografii a bibliografické odkazy</marc:subfield>
  </marc:datafield>
  <marc:datafield tag="546" ind1=" " ind2=" ">
    <marc:subfield code="a">Část. český text</marc:subfield>
  </marc:datafield>
  <marc:datafield tag="600" ind1="0" ind2="7">
    <marc:subfield code="a">Rudolf</marc:subfield>
    <marc:subfield code="b">II. Habsburský,</marc:subfield>
    <marc:subfield code="c">římskoněmecký císař,</marc:subfield>
    <marc:subfield code="d">1552-1612</marc:subfield>
    <marc:subfield code="7">jn20000701541</marc:subfield>
    <marc:subfield code="2">czenas</marc:subfield>
  </marc:datafield>
  <marc:datafield tag="600" ind1="0" ind2="7">
    <marc:subfield code="a">Matyáš</marc:subfield>
    <marc:subfield code="b">II.,</marc:subfield>
    <marc:subfield code="c">Habsburský, český král,</marc:subfield>
    <marc:subfield code="d">1557-1619</marc:subfield>
    <marc:subfield code="7">mzk2010579136</marc:subfield>
    <marc:subfield code="2">czenas</marc:subfield>
  </marc:datafield>
  <marc:datafield tag="650" ind1="0" ind2="7">
    <marc:subfield code="a">panovníci</marc:subfield>
    <marc:subfield code="z">Evropa</marc:subfield>
    <marc:subfield code="y">17. století</marc:subfield>
    <marc:subfield code="7">ph117250</marc:subfield>
    <marc:subfield code="2">czenas</marc:subfield>
  </marc:datafield>
  <marc:datafield tag="650" ind1="0" ind2="7">
    <marc:subfield code="a">panovnické dynastie</marc:subfield>
    <marc:subfield code="z">Evropa</marc:subfield>
    <marc:subfield code="y">17. století</marc:subfield>
    <marc:subfield code="7">ph123932</marc:subfield>
    <marc:subfield code="2">czenas</marc:subfield>
  </marc:datafield>
  <marc:datafield tag="655" ind1=" " ind2="7">
    <marc:subfield code="a">sborníky konferencí</marc:subfield>
    <marc:subfield code="7">fd133333</marc:subfield>
    <marc:subfield code="2">czenas</marc:subfield>
  </marc:datafield>
  <marc:datafield tag="700" ind1="1" ind2=" ">
    <marc:subfield code="a">Bůžek, Václav,</marc:subfield>
    <marc:subfield code="d">1959-</marc:subfield>
    <marc:subfield code="7">jn19981000429</marc:subfield>
    <marc:subfield code="4">edt</marc:subfield>
  </marc:datafield>
  <marc:datafield tag="830" ind1=" " ind2="0">
    <marc:subfield code="a">Opera historica ;</marc:subfield>
    <marc:subfield code="v">14</marc:subfield>
  </marc:datafield>
  <marc:datafield tag="856" ind1="4" ind2="1">
    <marc:subfield code="3">Digitalizovaný dokument</marc:subfield>
    <marc:subfield code="u">http://kramerius.cbvk.cz/search/handle/uuid:b23ea6a2-bce5-49ce-94b6-9ee94e21667f</marc:subfield>
    <marc:subfield code="y">Digitalizovaný dokument</marc:subfield>
  </marc:datafield>
  <marc:datafield tag="910" ind1=" " ind2=" ">
    <marc:subfield code="a">CBA001</marc:subfield>
  </marc:datafield>
  <marc:datafield tag="911" ind1=" " ind2=" ">
    <marc:subfield code="a">CBA001</marc:subfield>
    <marc:subfield code="d">zdigitalizováno</marc:subfield>
    <marc:subfield code="u">http://kramerius.cbvk.cz/search/handle/uuid:b23ea6a2-bce5-49ce-94b6-9ee94e21667f</marc:subfield>
  </marc:datafield>
</marc:record>
    </metadata>
  </record>