
  <record>
    <header>
      <identifier>oai:katalog.cbvk.cz:CbvkUsCat/0302439</identifier>
      <datestamp>2018-08-06T14:21:07Z</datestamp>
      <setSpec>RDIG1</setSpec>
    </header>
    <metadata>
<marc:record
  xmlns:marc="http://www.loc.gov/MARC21/slim"
  xmlns:xsi="http://www.w3.org/2001/XMLSchema-instance"
  xsi:schemaLocation="http://www.loc.gov/MARC21/slim
  http://www.loc.gov/standards/marcxml/schema/MARC21slim.xsd">
  <marc:leader>01903nam a2200409 a 4500</marc:leader>
  <marc:controlfield tag="001">0302439</marc:controlfield>
  <marc:controlfield tag="003">CZ-CbJVK</marc:controlfield>
  <marc:controlfield tag="005">20180806142107.4</marc:controlfield>
  <marc:controlfield tag="007">ta</marc:controlfield>
  <marc:controlfield tag="008">110214s2010----xr-ac--f------100-0-cze--</marc:controlfield>
  <marc:datafield tag="015" ind1=" " ind2=" ">
    <marc:subfield code="a">cnb002165988</marc:subfield>
  </marc:datafield>
  <marc:datafield tag="020" ind1=" " ind2=" ">
    <marc:subfield code="a">978-80-87311-14-1 (brož.)</marc:subfield>
  </marc:datafield>
  <marc:datafield tag="035" ind1=" " ind2=" ">
    <marc:subfield code="a">(OCoLC)724297073</marc:subfield>
  </marc:datafield>
  <marc:datafield tag="040" ind1=" " ind2=" ">
    <marc:subfield code="a">OLA001</marc:subfield>
    <marc:subfield code="b">cze</marc:subfield>
    <marc:subfield code="d">ABA001</marc:subfield>
  </marc:datafield>
  <marc:datafield tag="041" ind1="0" ind2=" ">
    <marc:subfield code="a">cze</marc:subfield>
    <marc:subfield code="a">slo</marc:subfield>
    <marc:subfield code="b">eng</marc:subfield>
  </marc:datafield>
  <marc:datafield tag="072" ind1=" " ind2="7">
    <marc:subfield code="a">930</marc:subfield>
    <marc:subfield code="x">Historická věda. Pomocné vědy historické. Archivnictví</marc:subfield>
    <marc:subfield code="2">Konspekt</marc:subfield>
    <marc:subfield code="9">8</marc:subfield>
  </marc:datafield>
  <marc:datafield tag="080" ind1=" " ind2=" ">
    <marc:subfield code="a">930.2-028.16</marc:subfield>
    <marc:subfield code="2">MRF</marc:subfield>
  </marc:datafield>
  <marc:datafield tag="080" ind1=" " ind2=" ">
    <marc:subfield code="a">(062.534)</marc:subfield>
    <marc:subfield code="2">MRF</marc:subfield>
  </marc:datafield>
  <marc:datafield tag="111" ind1="2" ind2=" ">
    <marc:subfield code="a">Příběh je základ-- a lidé příběhy potřebují--, aneb, Teoretické a praktické aspekty orální historie</marc:subfield>
    <marc:subfield code="d">(2009 :</marc:subfield>
    <marc:subfield code="c">České Budějovice, Česko)</marc:subfield>
    <marc:subfield code="7">olak2011632973</marc:subfield>
  </marc:datafield>
  <marc:datafield tag="245" ind1="1" ind2="0">
    <marc:subfield code="a">Příběh je základ-- a lidé příběhy potřebují--, aneb, Teoretické a praktické aspekty orální historie :</marc:subfield>
    <marc:subfield code="b">(sborník příspěvků z konference konané v Jihočeském muzeu v Českých Budějovicích 2009) /</marc:subfield>
    <marc:subfield code="c">Jiří Petráš a kol.</marc:subfield>
  </marc:datafield>
  <marc:datafield tag="246" ind1="3" ind2="0">
    <marc:subfield code="a">Teoretické a praktické aspekty orální historie</marc:subfield>
  </marc:datafield>
  <marc:datafield tag="260" ind1=" " ind2=" ">
    <marc:subfield code="a">České Budějovice :</marc:subfield>
    <marc:subfield code="b">Jihočeské muzeum v Českých Budějovicích,</marc:subfield>
    <marc:subfield code="c">2010</marc:subfield>
  </marc:datafield>
  <marc:datafield tag="300" ind1=" " ind2=" ">
    <marc:subfield code="a">224 s. :</marc:subfield>
    <marc:subfield code="b">il., portréty ;</marc:subfield>
    <marc:subfield code="c">21 cm</marc:subfield>
  </marc:datafield>
  <marc:datafield tag="504" ind1=" " ind2=" ">
    <marc:subfield code="a">Obsahuje bibliografie a bibliografické odkazy</marc:subfield>
  </marc:datafield>
  <marc:datafield tag="546" ind1=" " ind2=" ">
    <marc:subfield code="a">Část. slovenský text, anglická resumé</marc:subfield>
  </marc:datafield>
  <marc:datafield tag="580" ind1=" " ind2=" ">
    <marc:subfield code="a">Monografické číslo seriálu: Jihočeský sborník historický. Supplementum 3</marc:subfield>
  </marc:datafield>
  <marc:datafield tag="650" ind1="0" ind2="7">
    <marc:subfield code="a">orální historie</marc:subfield>
    <marc:subfield code="7">ph123826</marc:subfield>
    <marc:subfield code="2">czenas</marc:subfield>
  </marc:datafield>
  <marc:datafield tag="655" ind1=" " ind2="7">
    <marc:subfield code="a">sborníky konferencí</marc:subfield>
    <marc:subfield code="7">fd133333</marc:subfield>
    <marc:subfield code="2">czenas</marc:subfield>
  </marc:datafield>
  <marc:datafield tag="700" ind1="1" ind2=" ">
    <marc:subfield code="a">Petráš, Jiří,</marc:subfield>
    <marc:subfield code="d">1963-</marc:subfield>
    <marc:subfield code="7">jo20000080764</marc:subfield>
    <marc:subfield code="4">aut</marc:subfield>
  </marc:datafield>
  <marc:datafield tag="710" ind1="2" ind2=" ">
    <marc:subfield code="a">Jihočeské muzeum (České Budějovice, Česko)</marc:subfield>
    <marc:subfield code="7">kn20010724341</marc:subfield>
    <marc:subfield code="4">pbl</marc:subfield>
  </marc:datafield>
  <marc:datafield tag="772" ind1="0" ind2=" ">
    <marc:subfield code="t">Jihočeský sborník historický</marc:subfield>
    <marc:subfield code="h">   sv.</marc:subfield>
    <marc:subfield code="d">V Českých Budějovicích : Jihočeské muzeum, 2009-</marc:subfield>
    <marc:subfield code="g">Supplementum ...</marc:subfield>
  </marc:datafield>
  <marc:datafield tag="856" ind1="4" ind2="1">
    <marc:subfield code="3">Digitalizovaný dokument</marc:subfield>
    <marc:subfield code="u">http://kramerius.cbvk.cz/search/handle/uuid:dac6500c-7306-4db6-bf45-6a1679d6a73a</marc:subfield>
    <marc:subfield code="y">Digitalizovaný dokument</marc:subfield>
  </marc:datafield>
  <marc:datafield tag="910" ind1=" " ind2=" ">
    <marc:subfield code="a">CBA001</marc:subfield>
  </marc:datafield>
  <marc:datafield tag="911" ind1=" " ind2=" ">
    <marc:subfield code="a">CBA001</marc:subfield>
    <marc:subfield code="d">zdigitalizováno</marc:subfield>
    <marc:subfield code="u">http://kramerius.cbvk.cz/search/handle/uuid:dac6500c-7306-4db6-bf45-6a1679d6a73a</marc:subfield>
  </marc:datafield>
</marc:record>
    </metadata>
  </record>