
  <record>
    <header>
      <identifier>oai:katalog.cbvk.cz:CbvkUsCat/0627018</identifier>
      <datestamp>2018-12-07T10:33:49Z</datestamp>
      <setSpec>RDIG1</setSpec>
    </header>
    <metadata>
<marc:record
  xmlns:marc="http://www.loc.gov/MARC21/slim"
  xmlns:xsi="http://www.w3.org/2001/XMLSchema-instance"
  xsi:schemaLocation="http://www.loc.gov/MARC21/slim
  http://www.loc.gov/standards/marcxml/schema/MARC21slim.xsd">
  <marc:leader>00000nam a22      i 4500</marc:leader>
  <marc:controlfield tag="001">0627018</marc:controlfield>
  <marc:controlfield tag="003">CZ-CbJVK</marc:controlfield>
  <marc:controlfield tag="005">20181207103349.8</marc:controlfield>
  <marc:controlfield tag="007">ta</marc:controlfield>
  <marc:controlfield tag="008">060307s1778----xr-----e------000-0-cze-d</marc:controlfield>
  <marc:datafield tag="040" ind1=" " ind2=" ">
    <marc:subfield code="a">CBA001</marc:subfield>
    <marc:subfield code="b">cze</marc:subfield>
    <marc:subfield code="e">rda</marc:subfield>
  </marc:datafield>
  <marc:datafield tag="041" ind1="1" ind2=" ">
    <marc:subfield code="a">cze</marc:subfield>
    <marc:subfield code="h">fre</marc:subfield>
  </marc:datafield>
  <marc:datafield tag="072" ind1=" " ind2="7">
    <marc:subfield code="a">27-46/-48</marc:subfield>
    <marc:subfield code="x">Pastorální teologie</marc:subfield>
    <marc:subfield code="9">5</marc:subfield>
    <marc:subfield code="2">Konspekt</marc:subfield>
  </marc:datafield>
  <marc:datafield tag="072" ind1=" " ind2="7">
    <marc:subfield code="a">09</marc:subfield>
    <marc:subfield code="x">Rukopisy, prvotisky, staré tisky. Vzácná a pozoruhodná díla</marc:subfield>
    <marc:subfield code="9">12</marc:subfield>
    <marc:subfield code="2">Konspekt</marc:subfield>
  </marc:datafield>
  <marc:datafield tag="080" ind1=" " ind2=" ">
    <marc:subfield code="a">27-475.5</marc:subfield>
    <marc:subfield code="2">MRF</marc:subfield>
  </marc:datafield>
  <marc:datafield tag="080" ind1=" " ind2=" ">
    <marc:subfield code="a">27-475.2</marc:subfield>
    <marc:subfield code="2">MRF</marc:subfield>
  </marc:datafield>
  <marc:datafield tag="080" ind1=" " ind2=" ">
    <marc:subfield code="a">(0:82-5)</marc:subfield>
    <marc:subfield code="2">MRF</marc:subfield>
  </marc:datafield>
  <marc:datafield tag="100" ind1="1" ind2=" ">
    <marc:subfield code="a">Réguis, Francois-Léon,</marc:subfield>
    <marc:subfield code="d">činný 18. století</marc:subfield>
    <marc:subfield code="4">aut</marc:subfield>
  </marc:datafield>
  <marc:datafield tag="245" ind1="1" ind2="0">
    <marc:subfield code="a">[Hlas Pastýře To gest Sprostno-vpřjmná Kázanj Faráře k swým osadnjm Owčičkám na wssecký celého Roku Neděle.</marc:subfield>
    <marc:subfield code="p">Djl Podzimnj /</marc:subfield>
    <marc:subfield code="c">od Dwogj-Ctjhodného Pána Reguis Faráře w Zemi Francauzské, Městě Gápu Gazykem Franckým řečená: nynj pak pro swau Wýbornost na Cžesko přeložená od Frantisska Heilmana W býwalým Farnjm Kostele Sw. Mučedl. a Krale Cžeského Wacslawa na malé Straně zaslaužilého Kazatele]</marc:subfield>
  </marc:datafield>
  <marc:datafield tag="246" ind1="3" ind2=" ">
    <marc:subfield code="a">Hlas pastýře to jest sprostno-upřímná kázání faráře k svým osadním ovčičkám</marc:subfield>
  </marc:datafield>
  <marc:datafield tag="246" ind1="3" ind2="0">
    <marc:subfield code="a">Sprostno-vpřjmná Kázanj Faráře k swým osadnjm Owčičkám na wssecký celého Roku Neděle</marc:subfield>
  </marc:datafield>
  <marc:datafield tag="264" ind1=" " ind2="1">
    <marc:subfield code="a">[W Praze] :</marc:subfield>
    <marc:subfield code="b">[Nákladem Jana Jozeffa Gröbla Knjhokupce w Karolině],</marc:subfield>
    <marc:subfield code="c">[1778]</marc:subfield>
  </marc:datafield>
  <marc:datafield tag="300" ind1=" " ind2=" ">
    <marc:subfield code="a">6 nečíslovaných stran, 402 stran ;</marc:subfield>
    <marc:subfield code="c">8°</marc:subfield>
  </marc:datafield>
  <marc:datafield tag="336" ind1=" " ind2=" ">
    <marc:subfield code="a">text</marc:subfield>
    <marc:subfield code="b">txt</marc:subfield>
    <marc:subfield code="2">rdacontent</marc:subfield>
  </marc:datafield>
  <marc:datafield tag="337" ind1=" " ind2=" ">
    <marc:subfield code="a">bez média</marc:subfield>
    <marc:subfield code="b">n</marc:subfield>
    <marc:subfield code="2">rdamedia</marc:subfield>
  </marc:datafield>
  <marc:datafield tag="338" ind1=" " ind2=" ">
    <marc:subfield code="a">svazek</marc:subfield>
    <marc:subfield code="b">nc</marc:subfield>
    <marc:subfield code="2">rdacarrier</marc:subfield>
  </marc:datafield>
  <marc:datafield tag="500" ind1=" " ind2=" ">
    <marc:subfield code="a">Chybí titulní list - autorské, názvové a nakladatelské údaje podle výtisku sign. SE 439/4</marc:subfield>
    <marc:subfield code="5">CZ-CbJVK</marc:subfield>
  </marc:datafield>
  <marc:datafield tag="500" ind1=" " ind2=" ">
    <marc:subfield code="a">Český text frakturou, latinský antikvou a kurzívou. Rokokové ilustrační rytiny v záhlaví, drobná rytinka u iniciály na začátku textu prvního kázání, viněty, ozdobné linky, živá záhlaví, poznámky pod textem, signatury, kustody</marc:subfield>
  </marc:datafield>
  <marc:datafield tag="510" ind1="2" ind2=" ">
    <marc:subfield code="a">Knihopis,</marc:subfield>
    <marc:subfield code="c">K14769</marc:subfield>
  </marc:datafield>
  <marc:datafield tag="546" ind1=" " ind2=" ">
    <marc:subfield code="a">Částečně latinský text</marc:subfield>
  </marc:datafield>
  <marc:datafield tag="562" ind1=" " ind2=" ">
    <marc:subfield code="a">Stará sign.: 43/1874 (tužkou na přední desce vazby a na předním přídeští); N 899/4.a (S) (tužkou na předním přídeští); SC 1913/4</marc:subfield>
    <marc:subfield code="5">CZ-CbJVK</marc:subfield>
  </marc:datafield>
  <marc:datafield tag="562" ind1=" " ind2=" ">
    <marc:subfield code="a">Poškození: chybí titulní list</marc:subfield>
    <marc:subfield code="5">CZ-CbJVK</marc:subfield>
  </marc:datafield>
  <marc:datafield tag="563" ind1=" " ind2=" ">
    <marc:subfield code="a">Vazba papírová - lepenkové desky polepené šedomodrým papírem, šití na tři pravé vazy, na hřbetě červený štítek s vytlačeným titulem a číslem svazku (Reguis Kázánj Djl. 4), na přední desce tužkou signbatura 43/1874; odřeno, ušpiněno, deformované rohy</marc:subfield>
    <marc:subfield code="5">CZ-CbJVK</marc:subfield>
  </marc:datafield>
  <marc:datafield tag="650" ind1="0" ind2="7">
    <marc:subfield code="a">homiletika</marc:subfield>
    <marc:subfield code="7">ph120791</marc:subfield>
    <marc:subfield code="2">czenas</marc:subfield>
  </marc:datafield>
  <marc:datafield tag="655" ind1=" " ind2="7">
    <marc:subfield code="a">kázání</marc:subfield>
    <marc:subfield code="7">fd131846</marc:subfield>
    <marc:subfield code="2">czenas</marc:subfield>
  </marc:datafield>
  <marc:datafield tag="700" ind1="1" ind2=" ">
    <marc:subfield code="a">Heilmann, František,</marc:subfield>
    <marc:subfield code="d">1733-1799</marc:subfield>
    <marc:subfield code="7">jk01040505</marc:subfield>
    <marc:subfield code="4">trl</marc:subfield>
  </marc:datafield>
  <marc:datafield tag="700" ind1="1" ind2=" ">
    <marc:subfield code="a">Gröbel, Jan Josef,</marc:subfield>
    <marc:subfield code="d">-1780</marc:subfield>
    <marc:subfield code="7">jo2010557950</marc:subfield>
    <marc:subfield code="4">pbl</marc:subfield>
  </marc:datafield>
  <marc:datafield tag="856" ind1="4" ind2="1">
    <marc:subfield code="3">Digitalizovaný dokument</marc:subfield>
    <marc:subfield code="u">http://kramerius.cbvk.cz/search/handle/uuid:fa3e72c8-a19e-11e6-87a0-001b63bd97ba</marc:subfield>
    <marc:subfield code="y">Digitalizovaný dokument</marc:subfield>
  </marc:datafield>
  <marc:datafield tag="910" ind1=" " ind2=" ">
    <marc:subfield code="a">CBA001</marc:subfield>
  </marc:datafield>
  <marc:datafield tag="911" ind1=" " ind2=" ">
    <marc:subfield code="a">CBA001</marc:subfield>
    <marc:subfield code="d">zdigitalizováno</marc:subfield>
    <marc:subfield code="u">http://kramerius.cbvk.cz/search/handle/uuid:fa3e72c8-a19e-11e6-87a0-001b63bd97ba</marc:subfield>
  </marc:datafield>
</marc:record>
    </metadata>
  </record>