
  <record>
    <header>
      <identifier>oai:katalog.cbvk.cz:CbvkUsCat/0694729</identifier>
      <datestamp>2018-08-06T14:23:45Z</datestamp>
      <setSpec>RDIG1</setSpec>
    </header>
    <metadata>
<marc:record
  xmlns:marc="http://www.loc.gov/MARC21/slim"
  xmlns:xsi="http://www.w3.org/2001/XMLSchema-instance"
  xsi:schemaLocation="http://www.loc.gov/MARC21/slim
  http://www.loc.gov/standards/marcxml/schema/MARC21slim.xsd">
  <marc:leader>00000nam a22     3i 4500</marc:leader>
  <marc:controlfield tag="001">0694729</marc:controlfield>
  <marc:controlfield tag="003">CZ-CbJVK</marc:controlfield>
  <marc:controlfield tag="005">20180806142345.0</marc:controlfield>
  <marc:controlfield tag="007">ta</marc:controlfield>
  <marc:controlfield tag="008">170120s2016----xr-aho-e------000-0-cze-d</marc:controlfield>
  <marc:datafield tag="015" ind1=" " ind2=" ">
    <marc:subfield code="a">cnb002877770</marc:subfield>
  </marc:datafield>
  <marc:datafield tag="020" ind1=" " ind2=" ">
    <marc:subfield code="a">978-80-87311-78-3</marc:subfield>
  </marc:datafield>
  <marc:datafield tag="035" ind1=" " ind2=" ">
    <marc:subfield code="a">(OCoLC)975031904</marc:subfield>
  </marc:datafield>
  <marc:datafield tag="040" ind1=" " ind2=" ">
    <marc:subfield code="a">CBA001</marc:subfield>
    <marc:subfield code="b">cze</marc:subfield>
    <marc:subfield code="e">rda</marc:subfield>
  </marc:datafield>
  <marc:datafield tag="043" ind1=" " ind2=" ">
    <marc:subfield code="a">e-xr---</marc:subfield>
    <marc:subfield code="b">e-xr-jc</marc:subfield>
    <marc:subfield code="2">czenas</marc:subfield>
  </marc:datafield>
  <marc:datafield tag="045" ind1=" " ind2=" ">
    <marc:subfield code="a">q-x-</marc:subfield>
  </marc:datafield>
  <marc:datafield tag="072" ind1=" " ind2="7">
    <marc:subfield code="a">71</marc:subfield>
    <marc:subfield code="x">Územní plánování. Urbanismus. Památková péče</marc:subfield>
    <marc:subfield code="9">21</marc:subfield>
    <marc:subfield code="2">Konspekt</marc:subfield>
  </marc:datafield>
  <marc:datafield tag="080" ind1=" " ind2=" ">
    <marc:subfield code="a">(437.3)</marc:subfield>
    <marc:subfield code="2">MRF</marc:subfield>
  </marc:datafield>
  <marc:datafield tag="080" ind1=" " ind2=" ">
    <marc:subfield code="a">711.4/.8</marc:subfield>
    <marc:subfield code="2">MRF</marc:subfield>
  </marc:datafield>
  <marc:datafield tag="080" ind1=" " ind2=" ">
    <marc:subfield code="a">711.4</marc:subfield>
    <marc:subfield code="2">MRF</marc:subfield>
  </marc:datafield>
  <marc:datafield tag="080" ind1=" " ind2=" ">
    <marc:subfield code="a">911.375(091)</marc:subfield>
    <marc:subfield code="2">MRF</marc:subfield>
  </marc:datafield>
  <marc:datafield tag="080" ind1=" " ind2=" ">
    <marc:subfield code="a">(437.31-13)</marc:subfield>
    <marc:subfield code="2">MRF</marc:subfield>
  </marc:datafield>
  <marc:datafield tag="080" ind1=" " ind2=" ">
    <marc:subfield code="a">(082)</marc:subfield>
    <marc:subfield code="2">MRF</marc:subfield>
  </marc:datafield>
  <marc:datafield tag="245" ind1="0" ind2="0">
    <marc:subfield code="a">Počátky měst a městeček v jižních Čechách :</marc:subfield>
    <marc:subfield code="b">sborník příspěvků k dějinám urbanizace jihočeského regionu /</marc:subfield>
    <marc:subfield code="c">editor Daniel Kovář</marc:subfield>
  </marc:datafield>
  <marc:datafield tag="246" ind1="3" ind2="0">
    <marc:subfield code="a">Sborník příspěvků k dějinám urbanizace jihočeského regionu</marc:subfield>
  </marc:datafield>
  <marc:datafield tag="264" ind1=" " ind2="1">
    <marc:subfield code="a">České Budějovice :</marc:subfield>
    <marc:subfield code="b">Jihočeské muzeum v Českých Budějovicích,</marc:subfield>
    <marc:subfield code="c">2016</marc:subfield>
  </marc:datafield>
  <marc:datafield tag="300" ind1=" " ind2=" ">
    <marc:subfield code="a">399 stran :</marc:subfield>
    <marc:subfield code="b">ilustrace, mapy plány, faksimile</marc:subfield>
  </marc:datafield>
  <marc:datafield tag="336" ind1=" " ind2=" ">
    <marc:subfield code="a">text</marc:subfield>
    <marc:subfield code="b">txt</marc:subfield>
    <marc:subfield code="2">rdacontent</marc:subfield>
  </marc:datafield>
  <marc:datafield tag="337" ind1=" " ind2=" ">
    <marc:subfield code="a">bez média</marc:subfield>
    <marc:subfield code="b">n</marc:subfield>
    <marc:subfield code="2">rdamedia</marc:subfield>
  </marc:datafield>
  <marc:datafield tag="338" ind1=" " ind2=" ">
    <marc:subfield code="a">svazek</marc:subfield>
    <marc:subfield code="b">nc</marc:subfield>
    <marc:subfield code="2">rdacarrier</marc:subfield>
  </marc:datafield>
  <marc:datafield tag="500" ind1=" " ind2=" ">
    <marc:subfield code="a">Monografie ve dvou svazcích, v tiráži uvedeno: 1. část, 2. část</marc:subfield>
  </marc:datafield>
  <marc:datafield tag="648" ind1=" " ind2="7">
    <marc:subfield code="a">12.-20. století</marc:subfield>
    <marc:subfield code="7">ch757071</marc:subfield>
    <marc:subfield code="2">czenas</marc:subfield>
  </marc:datafield>
  <marc:datafield tag="650" ind1="0" ind2="7">
    <marc:subfield code="a">dějiny měst</marc:subfield>
    <marc:subfield code="z">Česko</marc:subfield>
    <marc:subfield code="y">12.-20. století</marc:subfield>
    <marc:subfield code="7">ph927609</marc:subfield>
    <marc:subfield code="2">czenas</marc:subfield>
  </marc:datafield>
  <marc:datafield tag="650" ind1="0" ind2="7">
    <marc:subfield code="a">urbanismus</marc:subfield>
    <marc:subfield code="z">Česko</marc:subfield>
    <marc:subfield code="7">ph116541</marc:subfield>
    <marc:subfield code="2">czenas</marc:subfield>
  </marc:datafield>
  <marc:datafield tag="650" ind1="0" ind2="7">
    <marc:subfield code="a">rozvoj měst</marc:subfield>
    <marc:subfield code="z">Česko</marc:subfield>
    <marc:subfield code="y">12.-20. století</marc:subfield>
    <marc:subfield code="7">ph137468</marc:subfield>
    <marc:subfield code="2">czenas</marc:subfield>
  </marc:datafield>
  <marc:datafield tag="651" ind1=" " ind2="7">
    <marc:subfield code="a">Čechy jižní (Česko)</marc:subfield>
    <marc:subfield code="7">ge131648</marc:subfield>
    <marc:subfield code="2">czenas</marc:subfield>
  </marc:datafield>
  <marc:datafield tag="655" ind1=" " ind2="7">
    <marc:subfield code="a">sborníky</marc:subfield>
    <marc:subfield code="7">fd163935</marc:subfield>
    <marc:subfield code="2">czenas</marc:subfield>
  </marc:datafield>
  <marc:datafield tag="700" ind1="1" ind2=" ">
    <marc:subfield code="a">Kovář, Daniel,</marc:subfield>
    <marc:subfield code="d">1975-</marc:subfield>
    <marc:subfield code="7">jn99240000514</marc:subfield>
    <marc:subfield code="4">edt</marc:subfield>
  </marc:datafield>
  <marc:datafield tag="772" ind1="0" ind2=" ">
    <marc:subfield code="t">Jihočeský sborník historický</marc:subfield>
    <marc:subfield code="h">   svazků</marc:subfield>
    <marc:subfield code="d">V Českých Budějovicích : Jihočeské muzeum, 2009-</marc:subfield>
    <marc:subfield code="g">Supplementum ...</marc:subfield>
  </marc:datafield>
  <marc:datafield tag="856" ind1="4" ind2="1">
    <marc:subfield code="3">Digitalizovaný dokument</marc:subfield>
    <marc:subfield code="u">http://kramerius.cbvk.cz/search/handle/uuid:b729ed37-c390-405c-9d9c-fe812592b780</marc:subfield>
    <marc:subfield code="y">Digitalizovaný dokument</marc:subfield>
  </marc:datafield>
  <marc:datafield tag="910" ind1=" " ind2=" ">
    <marc:subfield code="a">CBA001</marc:subfield>
  </marc:datafield>
  <marc:datafield tag="911" ind1=" " ind2=" ">
    <marc:subfield code="a">CBA001</marc:subfield>
    <marc:subfield code="d">zdigitalizováno</marc:subfield>
    <marc:subfield code="u">http://kramerius.cbvk.cz/search/handle/uuid:b729ed37-c390-405c-9d9c-fe812592b780</marc:subfield>
  </marc:datafield>
</marc:record>
    </metadata>
  </record>