
  <record>
    <header>
      <identifier>oai:katalog.cbvk.cz:CbvkUsCat/0765382</identifier>
      <datestamp>2018-07-19T14:33:01Z</datestamp>
      <setSpec>RDIG1</setSpec>
    </header>
    <metadata>
<marc:record
  xmlns:marc="http://www.loc.gov/MARC21/slim"
  xmlns:xsi="http://www.w3.org/2001/XMLSchema-instance"
  xsi:schemaLocation="http://www.loc.gov/MARC21/slim
  http://www.loc.gov/standards/marcxml/schema/MARC21slim.xsd">
  <marc:leader>01375cam a2200361   4500</marc:leader>
  <marc:controlfield tag="001">0765382</marc:controlfield>
  <marc:controlfield tag="003">CZ-CbJVK</marc:controlfield>
  <marc:controlfield tag="005">20180719143301.6</marc:controlfield>
  <marc:controlfield tag="007">ta</marc:controlfield>
  <marc:controlfield tag="008">070207s1934----xr-a---e------000-0-cze-d</marc:controlfield>
  <marc:datafield tag="015" ind1=" " ind2=" ">
    <marc:subfield code="a">cnb000945294</marc:subfield>
  </marc:datafield>
  <marc:datafield tag="035" ind1=" " ind2=" ">
    <marc:subfield code="a">(OCoLC)41008363</marc:subfield>
  </marc:datafield>
  <marc:datafield tag="040" ind1=" " ind2=" ">
    <marc:subfield code="a">PNA001</marc:subfield>
    <marc:subfield code="b">cze</marc:subfield>
    <marc:subfield code="d">CBA001</marc:subfield>
  </marc:datafield>
  <marc:datafield tag="072" ind1=" " ind2="7">
    <marc:subfield code="a">355/359</marc:subfield>
    <marc:subfield code="x">Vojenství. Obrana země. Ozbrojené síly</marc:subfield>
    <marc:subfield code="9">15</marc:subfield>
    <marc:subfield code="2">Konspekt</marc:subfield>
  </marc:datafield>
  <marc:datafield tag="080" ind1=" " ind2=" ">
    <marc:subfield code="a">(082)</marc:subfield>
    <marc:subfield code="2">MRF</marc:subfield>
  </marc:datafield>
  <marc:datafield tag="080" ind1=" " ind2=" ">
    <marc:subfield code="a">356.161</marc:subfield>
    <marc:subfield code="2">MRF</marc:subfield>
  </marc:datafield>
  <marc:datafield tag="080" ind1=" " ind2=" ">
    <marc:subfield code="a">355.312</marc:subfield>
    <marc:subfield code="2">MRF</marc:subfield>
  </marc:datafield>
  <marc:datafield tag="080" ind1=" " ind2=" ">
    <marc:subfield code="a">(437)</marc:subfield>
    <marc:subfield code="2">MRF</marc:subfield>
  </marc:datafield>
  <marc:datafield tag="080" ind1=" " ind2=" ">
    <marc:subfield code="a">94(100)&quot;1914/1918&quot;</marc:subfield>
    <marc:subfield code="2">MRF</marc:subfield>
  </marc:datafield>
  <marc:datafield tag="080" ind1=" " ind2=" ">
    <marc:subfield code="a">(093.3)</marc:subfield>
    <marc:subfield code="2">MRF</marc:subfield>
  </marc:datafield>
  <marc:datafield tag="245" ind1="0" ind2="0">
    <marc:subfield code="a">5. československý střelecký pluk &quot;Pražský&quot; T.G. Masaryka v boji za svobodu vlasti 1917-1920 /</marc:subfield>
    <marc:subfield code="c">uspořádali Karel Kříž a Otakar Vaněk ; [předmluvu napsal Rudolf Medek]</marc:subfield>
  </marc:datafield>
  <marc:datafield tag="246" ind1="3" ind2=" ">
    <marc:subfield code="a">Pátý československý střelecký pluk &quot;Pražský&quot; T.G. Masaryka</marc:subfield>
  </marc:datafield>
  <marc:datafield tag="260" ind1=" " ind2=" ">
    <marc:subfield code="a">[V Praze :</marc:subfield>
    <marc:subfield code="b">Památník osvobození,</marc:subfield>
    <marc:subfield code="c">1934</marc:subfield>
    <marc:subfield code="f">(František Rebec)</marc:subfield>
  </marc:datafield>
  <marc:datafield tag="300" ind1=" " ind2=" ">
    <marc:subfield code="a">444 s. :</marc:subfield>
    <marc:subfield code="b">il. ;</marc:subfield>
    <marc:subfield code="c">27 cm</marc:subfield>
  </marc:datafield>
  <marc:datafield tag="500" ind1=" " ind2=" ">
    <marc:subfield code="a">Záznam vytvořen pro potřeby digitalizace</marc:subfield>
    <marc:subfield code="5">CZ-CbJVK</marc:subfield>
  </marc:datafield>
  <marc:datafield tag="610" ind1="2" ind2="7">
    <marc:subfield code="a">Československé legie</marc:subfield>
    <marc:subfield code="7">kn20020322444</marc:subfield>
    <marc:subfield code="2">czenas</marc:subfield>
  </marc:datafield>
  <marc:datafield tag="610" ind1="2" ind2="4">
    <marc:subfield code="a">Československé legie.</marc:subfield>
    <marc:subfield code="b">5. československý střelecký pluk &quot;Pražský&quot; T.G. Masaryka</marc:subfield>
  </marc:datafield>
  <marc:datafield tag="650" ind1="0" ind2="7">
    <marc:subfield code="a">první světová válka (1914-1918)</marc:subfield>
    <marc:subfield code="7">ph126327</marc:subfield>
    <marc:subfield code="2">czenas</marc:subfield>
  </marc:datafield>
  <marc:datafield tag="650" ind1="0" ind2="7">
    <marc:subfield code="a">zahraniční vojenské jednotky</marc:subfield>
    <marc:subfield code="7">ph137529</marc:subfield>
    <marc:subfield code="2">czenas</marc:subfield>
  </marc:datafield>
  <marc:datafield tag="655" ind1=" " ind2="7">
    <marc:subfield code="a">sborníky</marc:subfield>
    <marc:subfield code="7">fd163935</marc:subfield>
    <marc:subfield code="2">czenas</marc:subfield>
  </marc:datafield>
  <marc:datafield tag="700" ind1="1" ind2=" ">
    <marc:subfield code="a">Vaněk, Otakar,</marc:subfield>
    <marc:subfield code="d">1882-</marc:subfield>
    <marc:subfield code="7">jx20070927011</marc:subfield>
    <marc:subfield code="4">com</marc:subfield>
  </marc:datafield>
  <marc:datafield tag="700" ind1="1" ind2=" ">
    <marc:subfield code="a">Kříž, Karel</marc:subfield>
    <marc:subfield code="4">aut</marc:subfield>
  </marc:datafield>
  <marc:datafield tag="700" ind1="1" ind2=" ">
    <marc:subfield code="a">Medek, Rudolf,</marc:subfield>
    <marc:subfield code="d">1890-1940</marc:subfield>
    <marc:subfield code="7">jk01081030</marc:subfield>
    <marc:subfield code="4">aui</marc:subfield>
  </marc:datafield>
  <marc:datafield tag="856" ind1="4" ind2="1">
    <marc:subfield code="u">http://kramerius.cbvk.cz/search/handle/uuid:b5bc8cf5-a1c3-4481-ab9e-4123b6f3d5fe</marc:subfield>
    <marc:subfield code="3">Digitalizovaný dokument</marc:subfield>
    <marc:subfield code="y">Digitalizovaný dokument</marc:subfield>
  </marc:datafield>
  <marc:datafield tag="910" ind1=" " ind2=" ">
    <marc:subfield code="a">CBA001</marc:subfield>
  </marc:datafield>
  <marc:datafield tag="911" ind1=" " ind2=" ">
    <marc:subfield code="a">CBA001</marc:subfield>
    <marc:subfield code="d">zdigitalizováno</marc:subfield>
    <marc:subfield code="u">http://kramerius.cbvk.cz/search/handle/uuid:b5bc8cf5-a1c3-4481-ab9e-4123b6f3d5fe</marc:subfield>
  </marc:datafield>
</marc:record>
    </metadata>
  </record>