
  <record>
    <header>
      <identifier>oai:katalog.cbvk.cz:CbvkUsCat/0783092</identifier>
      <datestamp>2018-07-02T16:35:32Z</datestamp>
      <setSpec>RDIG1</setSpec>
    </header>
    <metadata>
<marc:record
  xmlns:marc="http://www.loc.gov/MARC21/slim"
  xmlns:xsi="http://www.w3.org/2001/XMLSchema-instance"
  xsi:schemaLocation="http://www.loc.gov/MARC21/slim
  http://www.loc.gov/standards/marcxml/schema/MARC21slim.xsd">
  <marc:leader>00000nam a22     4i 4500</marc:leader>
  <marc:controlfield tag="001">0783092</marc:controlfield>
  <marc:controlfield tag="003">CZ-CbJVK</marc:controlfield>
  <marc:controlfield tag="005">20180702163532.8</marc:controlfield>
  <marc:controlfield tag="007">ta</marc:controlfield>
  <marc:controlfield tag="008">030327s1782----xr-a---e------000-0-cze-d</marc:controlfield>
  <marc:datafield tag="040" ind1=" " ind2=" ">
    <marc:subfield code="a">CBA001</marc:subfield>
    <marc:subfield code="b">cze</marc:subfield>
    <marc:subfield code="e">rda</marc:subfield>
  </marc:datafield>
  <marc:datafield tag="072" ind1=" " ind2="7">
    <marc:subfield code="a">09</marc:subfield>
    <marc:subfield code="x">Rukopisy, prvotisky, staré tisky. Vzácná a pozoruhodná díla</marc:subfield>
    <marc:subfield code="9">12</marc:subfield>
    <marc:subfield code="2">Konspekt</marc:subfield>
  </marc:datafield>
  <marc:datafield tag="080" ind1=" " ind2=" ">
    <marc:subfield code="a">(047.1)</marc:subfield>
    <marc:subfield code="2">MRF</marc:subfield>
  </marc:datafield>
  <marc:datafield tag="245" ind1="0" ind2="0">
    <marc:subfield code="a">Druhá Zpráwa o dařenj Instytutu neb Založenj pro chudé, kteréž na hraběcých Bouquoyských panstwjch w Čechách roku 1779. zřjzeno bylo /</marc:subfield>
    <marc:subfield code="c">Wydaná od samého Institutu</marc:subfield>
  </marc:datafield>
  <marc:datafield tag="246" ind1="3" ind2=" ">
    <marc:subfield code="a">Druhá zpráva o institutu neb založení pro chudé</marc:subfield>
  </marc:datafield>
  <marc:datafield tag="264" ind1=" " ind2="1">
    <marc:subfield code="a">W Praze :</marc:subfield>
    <marc:subfield code="b">v Jana Ferdynanda z Schönfeldu,</marc:subfield>
    <marc:subfield code="c">[1782]</marc:subfield>
  </marc:datafield>
  <marc:datafield tag="300" ind1=" " ind2=" ">
    <marc:subfield code="a">81 stran, 1 prázdná strana :</marc:subfield>
    <marc:subfield code="b">ilustrace ;</marc:subfield>
    <marc:subfield code="c">8°</marc:subfield>
  </marc:datafield>
  <marc:datafield tag="336" ind1=" " ind2=" ">
    <marc:subfield code="a">text</marc:subfield>
    <marc:subfield code="b">txt</marc:subfield>
    <marc:subfield code="2">rdacontent</marc:subfield>
  </marc:datafield>
  <marc:datafield tag="337" ind1=" " ind2=" ">
    <marc:subfield code="a">bez média</marc:subfield>
    <marc:subfield code="b">n</marc:subfield>
    <marc:subfield code="2">rdamedia</marc:subfield>
  </marc:datafield>
  <marc:datafield tag="338" ind1=" " ind2=" ">
    <marc:subfield code="a">svazek</marc:subfield>
    <marc:subfield code="b">nc</marc:subfield>
    <marc:subfield code="2">rdacarrier</marc:subfield>
  </marc:datafield>
  <marc:datafield tag="500" ind1=" " ind2=" ">
    <marc:subfield code="a">Rok vydání podle Knihopisu</marc:subfield>
  </marc:datafield>
  <marc:datafield tag="500" ind1=" " ind2=" ">
    <marc:subfield code="a">Tištěno gotikou. Na titulní straně rytina (sedící žena dává almužnu 2 chudým), krátká linka, impresum pod linkou. Dvojlinka, rámovaný vlys, plné iniciály ve volném prostoru, krátké ozdobné linky v záhlaví, na s. 81 rytina s averzem a reverzem mince, na jedné straně oblak, Boží oko, pod ním dvě spojené ruce, legenda: AVS LIEBE DES NAECHSTEN, dole číslo 178, na druhé straně sv. Jan Nepomucký podává almužnu sedícímu žebrákovi či nemocnému; signatury, stránkové kustody</marc:subfield>
  </marc:datafield>
  <marc:datafield tag="510" ind1="2" ind2=" ">
    <marc:subfield code="a">Knihopis,</marc:subfield>
    <marc:subfield code="c">K17356</marc:subfield>
  </marc:datafield>
  <marc:datafield tag="562" ind1=" " ind2=" ">
    <marc:subfield code="a">Neplatné přírůstkové číslo a signatury: J87.436; 362.5(437.1)&quot;1779&quot;; C29.895</marc:subfield>
    <marc:subfield code="5">CZ-CbJVK</marc:subfield>
  </marc:datafield>
  <marc:datafield tag="610" ind1="2" ind2="7">
    <marc:subfield code="a">Armeninstitut (Nové Hrady, Česko)</marc:subfield>
    <marc:subfield code="7">xx0155053</marc:subfield>
    <marc:subfield code="2">czenas</marc:subfield>
  </marc:datafield>
  <marc:datafield tag="655" ind1=" " ind2="7">
    <marc:subfield code="a">výroční zprávy</marc:subfield>
    <marc:subfield code="7">fd133860</marc:subfield>
    <marc:subfield code="2">czenas</marc:subfield>
  </marc:datafield>
  <marc:datafield tag="700" ind1="1" ind2=" ">
    <marc:subfield code="a">Schönfeld, Jan Nepomuk Ferdinand,</marc:subfield>
    <marc:subfield code="d">-1821</marc:subfield>
    <marc:subfield code="7">jo2004192783</marc:subfield>
    <marc:subfield code="4">pbl</marc:subfield>
  </marc:datafield>
  <marc:datafield tag="710" ind1="2" ind2=" ">
    <marc:subfield code="a">Armeninstitut (Nové Hrady, Česko)</marc:subfield>
    <marc:subfield code="7">xx0155053</marc:subfield>
    <marc:subfield code="4">pbl</marc:subfield>
  </marc:datafield>
  <marc:datafield tag="856" ind1="4" ind2="1">
    <marc:subfield code="u">http://kramerius.cbvk.cz/search/handle/uuid:0395eb7e-7dfb-11e8-bdcd-001b63bd97ba</marc:subfield>
    <marc:subfield code="y">Digitalizovaný dokument</marc:subfield>
  </marc:datafield>
  <marc:datafield tag="910" ind1=" " ind2=" ">
    <marc:subfield code="a">CBA001</marc:subfield>
  </marc:datafield>
  <marc:datafield tag="911" ind1=" " ind2=" ">
    <marc:subfield code="a">CBA001</marc:subfield>
    <marc:subfield code="d">zdigitalizováno</marc:subfield>
    <marc:subfield code="u">http://kramerius.cbvk.cz/search/handle/uuid:0395eb7e-7dfb-11e8-bdcd-001b63bd97ba</marc:subfield>
  </marc:datafield>
</marc:record>
    </metadata>
  </record>